<record><leader>00000cas a22000007a 4500</leader><controlfield tag="001">15024725</controlfield><controlfield tag="008">861230d18551855inudn ne     l0    0eng d</controlfield><datafield ind1=" " ind2=" " tag="010"><subfield code="a">sn 86059228 </subfield></datafield><datafield ind1=" " ind2=" " tag="040"><subfield code="a">NPI</subfield><subfield code="b">eng</subfield><subfield code="c">NPI</subfield><subfield code="d">NVF</subfield><subfield code="d">IUL</subfield><subfield code="d">OCLCQ</subfield><subfield code="d">OCLCF</subfield></datafield><datafield ind1="1" ind2=" " tag="029"><subfield code="a">AU@</subfield><subfield code="b">000025807328</subfield></datafield><datafield ind1=" " ind2=" " tag="042"><subfield code="a">msc</subfield></datafield><datafield ind1=" " ind2=" " tag="043"><subfield code="a">n-us-in</subfield></datafield><datafield ind1=" " ind2="4" tag="050"><subfield code="a">AN2.V7</subfield><subfield code="b">V56</subfield></datafield><datafield ind1="0" ind2=" " tag="130"><subfield code="a">Vincennes gazette (Vincennes, Ind. : Daily)</subfield></datafield><datafield ind1="1" ind2="0" tag="245"><subfield code="a">Vincennes gazette.</subfield></datafield><datafield ind1=" " ind2=" " tag="260"><subfield code="a">Vincennes, Ind. :</subfield><subfield code="b">Harvey, Mason &amp; Co.,</subfield><subfield code="c">1855.</subfield></datafield><datafield ind1=" " ind2=" " tag="310"><subfield code="a">Daily (except Sunday)</subfield></datafield><datafield ind1="1" ind2=" " tag="362"><subfield code="a">Began in 1855.</subfield></datafield><datafield ind1="0" ind2=" " tag="362"><subfield code="a">-v. 1, no. 92 (Oct. 10, 1855).</subfield></datafield><datafield ind1=" " ind2=" " tag="580"><subfield code="a">Weekly ed.: Vincennes gazette (Vincennes, Ind. : 1844).</subfield></datafield><datafield ind1=" " ind2=" " tag="580"><subfield code="a">Semiweekly ed.: Semi-weekly Vincennes gazette.</subfield></datafield><datafield ind1=" " ind2=" " tag="588"><subfield code="a">Description based on: Vol. 1, no. 61 (Sept. 4, 1855).</subfield></datafield><datafield ind1=" " ind2="0" tag="651"><subfield code="a">Vincennes (Ind.)</subfield><subfield code="v">Newspapers.</subfield></datafield><datafield ind1=" " ind2="7" tag="655"><subfield code="a">Newspapers.</subfield><subfield code="2">fast</subfield><subfield code="0">(OCoLC)fst01423814</subfield></datafield><datafield ind1=" " ind2="7" tag="651"><subfield code="a">Indiana</subfield><subfield code="z">Vincennes.</subfield><subfield code="2">fast</subfield><subfield code="0">(OCoLC)fst01211937</subfield></datafield><datafield ind1=" " ind2=" " tag="752"><subfield code="a">United States</subfield><subfield code="b">Indiana</subfield><subfield code="c">Knox</subfield><subfield code="d">Vincennes.</subfield></datafield><datafield ind1="1" ind2=" " tag="775"><subfield code="t">Vincennes gazette (Vincennes, Ind. : 1844)</subfield><subfield code="w">(DLC)sn 82014785</subfield><subfield code="w">(OCoLC)8797213</subfield></datafield><datafield ind1="1" ind2=" " tag="775"><subfield code="t">Semi-weekly Vincennes gazette</subfield><subfield code="w">(DLC)sn 86059160</subfield><subfield code="w">(OCoLC)15024740</subfield></datafield><datafield ind1="0" ind2="0" tag="780"><subfield code="t">Morning gazette (Vincennes, Ind.)</subfield><subfield code="w">(DLC)sn 86059223</subfield><subfield code="w">(OCoLC)15024663</subfield></datafield><datafield ind1="0" ind2="0" tag="785"><subfield code="t">Daily Vincennes gazette</subfield><subfield code="w">(DLC)sn 86059163</subfield><subfield code="w">(OCoLC)15024700</subfield></datafield></record>